% This file was created with JabRef 2.9.
% Encoding: UTF8


@INPROCEEDINGS{Simoes99transposition:a,
    author = {Anabela Simoes and Ernesto Costa and A. Simões and E. Costa},
    title = {Transposition: A Biologically Inspired Mechanism to Use with Genetic Algorithms},
    booktitle = {In the Proceedings of the Fourth International Conference on Neural Networks and Genetic Algorithms (ICANNGA'99},
    pages = {612--619},
    publisher = {Springer-Verlag}
}

@INPROCEEDINGS{Simoes00usinggenetic,
    author = {Anabela Simões and Ernesto Costa},
    title = {Using Genetic Algorithms with Asexual Transposition},
    booktitle = {Proceedings of the Genetic and Evolutionary Computation Conference (GECCO'00},
    pages = {323--330},
    publisher = {Morgan Kaufmann}
}
